@misc{pokemongo_usage,
    author       = "Deyan Georgiev",
    title        = "10 Pokemon Go Usage and Revenue Statistics Worth Knowing in 2023",
    howpublished = "Dostęp zdalny (03.03.2019): \url{https://techjury.net/blog/pokemon-go-usage-statistics}",
    year         = "2023"
}

@misc{android_location,
    title        = "Build location-aware apps | Android Development",
    howpublished = "Dostęp zdalny (03.03.2019): \url{https://developer.android.com/training/location}",
    year         = "2023"
}

@misc{ikea_app,
    title        = "Ikea App Page - IKEA",
    author = " Inter IKEA Systems B.V.",
    howpublished = "Dostęp zdalny (03.03.2019): \url{https://www.ikea.com/au/en/customer-service/mobile-apps/say-hej-to-ikea-place-pub1f8af050}",
    year         = "2023"
}

@misc{android_sensor_training,
    title        = "3.2: Working with sensor-based orientation",
    howpublished = "Dostęp zdalny (03.03.2019): \url{https://google-developer-training.github.io/android-developer-advanced-course-practicals/unit-1-expand-the-user-experience/lesson-3-sensors/3-2-p-working-with-sensor-based-orientation/3-2-p-working-with-sensor-based-orientation.html}",
    year         = "2023"
}

@misc{AR,
    title        = "Po co mi rozszerzona rzeczywistość? - Platforma Przemysłu Przyszłości",
    author = "Piotr Lis",
    howpublished = "Dostęp zdalny (03.03.2019): \url{https://przemyslprzyszlosci.gov.pl/po-co-mi-rozszerzona-rzeczywistosc/}",
    year         = "2020"
}

@misc{GPS,
    title        = "Co to jesy system GPS, kiedy powstał i gdzie jest stosowany.",
    author = "Mutligps",
    howpublished = "Dostęp zdalny (03.03.2019): \url{https://www.multigps.pl/gps.html}",
    year         = "2023"
}

@misc{NMT-geoportal,
    title        = "Numeryczny model terenu (NMT) - Geoportal Krajowy",
    author = "Główny Urząd Geodezji i Kartografii",
    howpublished = "Dostęp zdalny (06.03.2019): \url{https://www.geoportal.gov.pl/dane/numeryczny-model-terenu}",
    year         = "2023"
}

@misc{DEM_DSM_DTM,
    title        = "DEM, DSM \& DTM: Digital Elevation Model - Why It's Important - AEVEX",
    author = "AEVEX AEROSPACE",
    howpublished = "Dostęp zdalny (06.03.2019): \url{https://geodetics.com/dem-dsm-dtm-digital-elevation-models/}"
}

@inproceedings{auto-terrain,
author = {Baboud, Lionel and Cadik, Martin and Eisemann, Elmar and Seidel, Hans-Peter},
year = {2011},
month = {07},
pages = {41 - 48},
title = {Automatic photo-to-terrain alignment for the annotation of mountain pictures},
doi = {10.1109/CVPR.2011.5995727}
}

@inproceedings{peak-in-visual-content,
author = {Fedorov, Roman and Fraternali, Piero and Tagliasacchi, Marco},
year = {2014},
month = {11},
pages = {7-11},
title = {Mountain Peak Identification in Visual Content Based on Coarse Digital Elevation Models},
doi = {10.1145/2661821.2661825}
}

@article{peak-social-media,
author = {Fedorov, Roman},
year = {2015},
month = {08},
pages = {},
title = {Mountain Peak Detection in Online Social Media}
}

@inproceedings{large-scale-visual,
author = {Baatz, Georges and Saurer, Olivier and Köser, Kevin and Pollefeys, Marc},
year = {2012},
month = {10},
pages = {517-530},
title = {Large Scale Visual Geo-Localization of Images in Mountainous Terrain},
volume = {7573},
isbn = {978-3-642-33708-6},
doi = {10.1007/978-3-642-33709-3_37}
}

 @misc{SRTM, 
 url={https://www2.jpl.nasa.gov/srtm/missionoverview.html}, 
 title={Shuttle Radar Topography Mission},
 author={Ramirez Eric, NASA - Jet Propulsion Laboratory, Califironia Institute of Technology},
 howpublished = "Dostęp zdalny (13.04.2023): \url{https://www2.jpl.nasa.gov/srtm/missionoverview.html}",
 } 

@misc{occlusion_culling, 
 title={Chapter 29. Efficient Occlusion Culling}, 
 author={NVidia},
 howpublished = "Dostęp zdalny (14.04.2023): \url{https://developer.nvidia.com/gpugems/gpugems/part-v-performance-and-practicalities/chapter-29-efficient-occlusion-culling}",
 year={2004}
 } 

 @misc{queries_opengl,  
 title={Query Object}, 
 author={The Khronos Group Inc.},
 howpublished = "Dostęp zdalny (14.04.2023): \url{https://www.khronos.org/opengl/wiki/Query_Object}",
 year={2019}
 } 

@misc{frutsum_culling,  
 title={LearnOpenGL - Frutsum Culling}, 
 author={Six Jonathan},
 howpublished = "Dostęp zdalny (14.04.2023): \url{https://learnopengl.com/Guest-Articles/2021/Scene/Frustum-Culling}",
 year={2021}
 } 

 @misc{MVP_matrices,  
 title={Tutorial 3 : Matrices}, 
 author={opengl-tutorial},
 howpublished = "Dostęp zdalny (14.04.2023): \url{https://www.opengl-tutorial.org/beginners-tutorials/tutorial-3-matrices/}"
 } 

@misc{3dem,  
 title={3DEM Visualization Software}, 
 author={VisualizationSoftware.com},
 howpublished = "Dostęp zdalny (20.03.2023): \url{https://www.visualizationsoftware.com/3dem/}",
 year={2013}
 } 

@misc{geonames,  
 title={GeoNames}, 
 author={GeoNames, Marc Wick},
 howpublished = "Dostęp zdalny (25.03.2023): \url{https://www.geonames.org/}"
 } 

@misc{PeakLens,  
 title={PeakLens}, 
 author={Politecnico di Milano, Dipartimento di Elettronica, Informatica e Bioingegneria},
 howpublished = "Dostęp zdalny (20.01.2023): \url{https://www.peaklens.com/}"
 } 

 @misc{GaussianBlur,  
 title={Gaussian Blur}, 
 author={w3.org},
 howpublished = "Dostęp zdalny (11.06.2023): \url{https://www.w3.org/Talks/2012/0125-HTML-Tehran/Gaussian.xhtml}"
 } 

@misc{Canny_Opencv,  
 title={OpenCV: Canny Edge Detection}, 
 author={OpenCV},
 howpublished = "Dostęp zdalny (13.06.2023): \url{https://docs.opencv.org/4.x/da/d22/tutorial_py_canny.html}"
 } 

 @misc{distance_geo,  
 title={Calculate distance and bearing between two Latitude/Longitude points}, 
 howpublished = "Dostęp zdalny (29.03.2023): \url{https://www.movable-type.co.uk/scripts/latlong.html}"
 } 

@incollection{peakfinderapp,  
 title={PeakFinder App}, 
 publisher = {PeakFinder GmbH, Eglistrasse 8, 8004 Zurich, Switzerland}
 } 

 @inproceedings{Sobel,
author = {Vincent, Olufunke and Folorunso, Olusegun},
year = {2009},
month = {01},
pages = {},
title = {A Descriptive Algorithm for Sobel Image Edge Detection},
doi = {10.28945/3351}
}


@article{rFernes,
  author       = {Miron B. Kursa},
  title        = {Random ferns method implementation for the general-purpose machine
                  learning},
  journal      = {CoRR},
  volume       = {abs/1202.1121},
  year         = {2012},
}


@article{haversine,
title = "Resolving the shortest path problem using the haversine algorithm",
author = "Prasetya, {Dwi Arman} and Nguyen, {Phong Thanh} and Rinat Faizullin and Iswanto Iswanto and Armay, {Edmond Febrinicko}",
year = "2020",
month = jan,
doi = "10.22159/jcr.07.01.11",
volume = "7",
pages = "62--64",
journal = "Journal of Critical Reviews",
issn = "2394-5125",
publisher = "Innovare Academics Sciences Pvt. Ltd",
number = "1",
}

@article{Vincenty,
author = {T. Vincenty},
title = {DIRECT AND INVERSE SOLUTIONS OF GEODESICS ON THE ELLIPSOID WITH APPLICATION OF NESTED EQUATIONS},
journal = {Survey Review},
volume = {23},
number = {176},
pages = {88-93},
year  = {1975},
publisher = {Taylor & Francis},
doi = {10.1179/sre.1975.23.176.88},
}

@misc{Non-maximumSuppression,
      title={Learning non-maximum suppression}, 
      author={Jan Hosang and Rodrigo Benenson and Bernt Schiele},
      year={2017},
      eprint={1705.02950},
      archivePrefix={arXiv},
      primaryClass={cs.CV}
}

@inproceedings{porzi,
author = {Porzi, Lorenzo and Bul\'{o}, Samuel Rota and Valigi, Paolo and Lanz, Oswald and Ricci, Elisa},
title = {Learning Contours for Automatic Annotations of Mountains Pictures on a Smartphone},
year = {2014},
isbn = {9781450329255},
publisher = {Association for Computing Machinery},
address = {New York, NY, USA},
doi = {10.1145/2659021.2659046},
booktitle = {Proceedings of the International Conference on Distributed Smart Cameras},
articleno = {13},
numpages = {6},
series = {ICDSC '14}
}



    @misc{wgs84,
      title={WGS 84 - WGS84 - World Geodetic System 1984, used in GPS}, 
      year={2022}, 
 howpublished = "Dostęp zdalny (12.01.2023): \url{https://epsg.io/4326}"
 } 

 @online{opencv_home,
    title = {Home: OpenCV},
    author = "OpenCV",
    url = {https://opencv.org/},
    urldate = {2021-10-30}
}

 

@inproceedings{LectureComputerVision,
    author  = {George Bebis},
    title   = "Wykłady w ramach CS491E/791E: Computer Vision (Spring 2004)",
    publisher = "Computer Science Department, Computer Science \& Engineering, University of Nevada, Reno",
    year    = 2004
}

 @inproceedings{outdoor_peak,
author = {Fedorov, Roman and Frajberg, Darian and Fraternali, Piero},
year = {2016},
month = {06},
pages = {281-301},
title = {A Framework for Outdoor Mobile Augmented Reality and Its Application to Mountain Peak Detection},
isbn = {978-3-319-40620-6},
doi = {10.1007/978-3-319-40621-3_21}
}

@ARTICLE{Canny,
  author={Canny, John},
  journal={IEEE Transactions on Pattern Analysis and Machine Intelligence}, 
  title={A Computational Approach to Edge Detection}, 
  year={1986},
  volume={PAMI-8},
  number={6},
  pages={679-698},
  doi={10.1109/TPAMI.1986.4767851}}

@incollection{SegmentationEdgeDetection,
title = {Chapter 16 - Segmentation and Edge Detection},
editor = {Jonathan M. Blackledge},
booktitle = {Digital Image Processing},
publisher = {Woodhead Publishing},
pages = {487-511},
year = {2005},
series = {Woodhead Publishing Series in Electronic and Optical Materials},
isbn = {978-1-898563-49-5},
doi = {https://doi.org/10.1533/9780857099464.4.486},
url = {https://www.sciencedirect.com/science/article/pii/B9781898563495500161},
author = {Jonathan M. Blackledge}
}


@misc{opengl_es,
    author       = {Khronos Group Inc.},
    title        = "OpenGL ES Overview",
    howpublished = "Dostęp zdalny (10.06.2023): \url{https://www.khronos.org/api/opengles}",
    year         = "2023"
}

@misc{egl,
    author       = {Khronos Group Inc.},
    title        = "EGL Overview",
    howpublished = "Dostęp zdalny (10.06.2023): \url{https://www.khronos.org/egl}",
    year         = "2023"
}

@misc{cc    ,
    author       = {CC},
    title        = "Creative Commons",
    howpublished = "Dostęp zdalny (13.06.2023): \url{https://creativecommons.org/licenses/?lang=pl}",
}

@misc{opengl_home,
    title = {OpenGL - The Industry Standar for High Performance Graphics},
    author = "The Khronos Group Inc.",
    url = {https://www.opengl.org/},
    urldate = {2021-10-30}
}

@misc{opencv_mat,
    title = {OpenCV: cv::Mat Class Reference},
    author = "OpenCV",
    url = {https://docs.opencv.org/3.4/d3/d63/classcv_1_1Mat.html},
    urldate = {2023-08-01}
}

@misc{dilation,
    title = {Understading Morphological Image Processing and Its Operations},
    author = "Chhikara, P.",
    url = {https://towardsdatascience.com/understanding-morphological-image-processing-and-its-operations-7bcf1ed11756},
    urldate = {2023-04-12}, 
    year = {2022}
}

@misc{promien_ziemi,
    title = {Promień Ziemi},
    author = "WikiPedia",
    url = {https://pl.wikipedia.org/wiki/Promie%C5%84_Ziemi},
    urldate = {2023-07-15}, 
    year = {2022}
}


@misc{metrics,
    title = {Metrics to Evaluate your Classification Model to take the right decisions},
    author = "Agrawal, S. K.",
    url = {https://towardsdatascience.com/understanding-morphological-image-processing-and-its-operations-7bcf1ed11756},
    urldate = {2023-04-15}, 
    year = {2021}
}

@incollection{ransac,
title = {Random Sample Consensus: A Paradigm for Model Fitting with Applications to Image Analysis and Automated Cartography},
editor = {Martin A. Fischler and Oscar Firschein},
booktitle = {Readings in Computer Vision},
publisher = {Morgan Kaufmann},
address = {San Francisco (CA)},
pages = {726-740},
year = {1987},
isbn = {978-0-08-051581-6},
doi = {https://doi.org/10.1016/B978-0-08-051581-6.50070-2},
url = {https://www.sciencedirect.com/science/article/pii/B9780080515816500702},
author = {Martin A. Fischler and Robert C. Bolles},
}

@inproceedings{FLANN,
  title={Fast Approximate Nearest Neighbors with Automatic Algorithm Configuration},
  author={Marius Muja and David G. Lowe},
  booktitle={International Conference on Computer Vision Theory and Applications},
  year={2009},
  url={https://api.semanticscholar.org/CorpusID:7317448}
}

@inproceedings{FLANN_manual,
  title={FLANN - Fast Library for Approximate Nearest Neighbors. User Manual.},
  author={Marius Muja and David G. Lowe},
  year={2009},
}

@article{SIFT,
  address = {Hingham, MA, USA},
  author = {Lowe, David G.},
  doi = {10.1023/B:VISI.0000029664.99615.94},
  issn = {0920-5691},
  journal = {Int. J. Comput. Vision},
  keywords = {feature sift},
  month = nov,
  number = 2,
  numpages = {20},
  pages = {91--110},
  publisher = {Kluwer Academic Publishers},
  title = {Distinctive Image Features from Scale-Invariant Keypoints},
  url = {http://dx.doi.org/10.1023/B:VISI.0000029664.99615.94},
  volume = 60,
  year = 2004
}

@misc{opencv_understand_features,
    title = {OpenCV: Understanding Features},
    author = "OpenCV",
    url = {https://docs.opencv.org/4.x/df/d54/tutorial_py_features_meaning.html},
    urldate = {2023-06-26}, 
    year = {2023}
}

@misc{feature_lieberman,
    title = {Computer Vision Project - Project 2: Local Feature Matching},
    author = "Lieberman, A.",
    url = {https://www.cc.gatech.edu/classes/AY2016/cs4476_fall/results/proj2/html/alieberman3/index.html#motivation},
    urldate = {2023-06-26}
}

@misc{opencv_matching,
    title = {OpenCV: Feature Matching},
    author = "OpenCV",
    url = {https://docs.opencv.org/4.x/dc/dc3/tutorial_py_matcher.html},
    urldate = {2023-06-26}, 
    year = {2023}
}

@misc{generate_panorama,
    title = {Generate a panorama},
    author = "Ulrich Deuschle",
    url = {https://www.udeuschle.de/panoramas/makepanoramas_en.htm},
    urldate = {2022-10-10}, 
    year = {2018}
}

@misc{peakfinder,
    title = {PeakFinder},
    author = {PeakFinder GmbH},
    url = {https://www.peakfinder.com/},
    urldate = {2022-10-10}, 
    year = {2023}
}

@inproceedings{affine_point,
author = {Mikolajczyk, Krystian and Schmid, Cordelia},
year = {2002},
month = {03},
pages = {},
title = {An Affine Invariant Interest Point Detector},
volume = {1},
isbn = {978-3-540-43745-1},
journal = {Proc European Conf on Computer Vision, LNCS 2350},
doi = {10.1007/3-540-47969-4_9}
}

@misc{feature_cornell,
    title = {CS4670/5670: Project 2: Feature Detection and Matching},
    author = "OpenCV",
    url = {https://www.cs.cornell.edu/courses/cs4670/2012fa/projects/p2/project2.html},
    urldate = {2023-06-26}, 
    year = {2012}
}


@misc{feature_unik,
    title = {Lecture 4.2 Feature matching},
    author = "Haavardsholm, T. V.",
    url = {https://www.uio.no/studier/emner/matnat/its/TEK5030/v19/lect/lecture_4_2_feature_matching.pdf},
    urldate = {2023-06-26}
}

@misc{SIFT_opencv,
    title = {OpenCV: Introduction to SIFT (Scale-Invariant Feature Transform},
    author = "OpenCV",
    url = {https://docs.opencv.org/4.x/da/df5/tutorial_py_sift_intro.html},
    urldate = {2023-06-21}, 
    year = {2023}
}


@misc{ORB_opencv,
    title = {OpenCV: ORB (Oriented FAST and Rotated BRIEF)},
    author = "OpenCV",
    url = {https://docs.opencv.org/4.x/d1/d89/tutorial_py_orb.html},
    urldate = {2023-06-21}, 
    year = {2023}
}

@misc{homography_opencv,
    title = {OpenCV: Feature Matching + Homography to find Objects},
    author = "OpenCV",
    url = {https://docs.opencv.org/4.x/d1/de0/tutorial_py_feature_homography.html},
    urldate = {2023-06-30}, 
    year = {2023}
}

@misc{homography_opencv_explain,
    title = {OpenCV: Basic concepts of the homographhy explained with code},
    author = "OpenCV",
    url = {https://docs.opencv.org/4.x/d9/dab/tutorial_homography.html},
    urldate = {2023-06-30}, 
    year = {2023}
}

@misc{feature_vs_template,
    title = {OpenCV: Image Registration},
    author = "OpenCV",
    url = {https://docs.opencv.org/4.x/db/d61/group__reg.html},
    urldate = {2023-08-05}, 
    year = {2023}
}

@misc{image_reg_geeks,
    title = {Image Registration using OpenCV},
    author = "GeeksforGeeks",
    url = {https://www.geeksforgeeks.org/image-registration-using-opencv-python/amp/},
    urldate = {2023-08-05},
}

@misc{image_reg_practical,
    title = {Practical Image Registration and Alignment with OpenCV and Python},
    author = "Naskar, A.",
    url = {https://thinkinfi.com/image-alignment-and-registration-with-opencv/},
    urldate = {2023-08-05},
    year={2023}
}

@misc{image_reg_pyimage,
    title = {Image alignment and registration with OpenCV},
    author = "Rosebrock, A.",
    url = {https://pyimagesearch.com/2020/08/31/image-alignment-and-registration-with-opencv/},
    urldate = {2023-08-05},
    year={2020}
}

@BOOK{szelinski,
  author={Szeliski, Richard},
  booktitle={Image Alignment and Stitching: A Tutorial},
  year={2006},
  volume={},
  number={},
  pages={},
  doi={}}


@misc{homography_aids,
    title = {Introduction to Image Processing - Part 7: Homography},
    author = "Aids",
    url = {https://perez-aids.medium.com/introduction-to-image-processing-part-7-homography-4af34ce9f93d},
    urldate = {2023-06-30}, 
    year = {2021}
}

@misc{homography_maulion,
    title = {Homography Transform - Image Processing},
    author = "Maulion, Matt.",
    url = {https://mattmaulion.medium.com/homography-transform-image-processing-eddbcb8e4ff7},
    urldate = {2023-06-30}, 
    year = {2021}
}

@misc{template_opencv_1,
    title = {OpenCV: Template Matching},
    author = {OpenCV},
    url = {https://docs.opencv.org/3.4/de/da9/tutorial_template_matching.html},
    urldate = {2023-06-10}, 
    year = {2023}
}

@misc{template_opencv_2,
    title = {OpenCV: Template Matching},
    author = {OpenCV},
    url = {https://docs.opencv.org/3.4/d4/dc6/tutorial_py_template_matching.html},
    urldate = {2023-06-10}, 
    year = {2023}
}

@misc{template_adaptive,
    title = {Template Matching},
    author = {Adaptive Vision},
    url = {https://docs.adaptive-vision.com/4.7/studio/machine_vision_guide/TemplateMatching.html},
    urldate = {2023-06-10}, 
    year = {2012}
}

@inproceedings{template_british,
author = {Woodham, B. and Little, J. and Tung, F. and Grauman, K.},
title = {Computer Vision. Lecture 6: Template Matching},
publisher = {The University of British Columbia},
urldata = {2023-06-10}
}

@inproceedings{template_vidhya,
author = {Caubalej, R.},
title = {Image Processing - Template Matching},
urldata = {2023-06-10},
year = {2021}
}

@inproceedings{fast,
author = {Rosten, Edward and Drummond, Tom},
year = {2006},
month = {07},
pages = {},
title = {Machine Learning for High-Speed Corner Detection},
volume = {3951},
isbn = {978-3-540-33832-1},
journal = {Comput Conf Comput Vis},
doi = {10.1007/11744023_34}
}

@inproceedings{brief,
author = {Calonder, Michael and Lepetit, Vincent and Strecha, Christoph and Fua, Pascal},
year = {2010},
month = {09},
pages = {778-792},
title = {BRIEF: Binary Robust Independent Elementary Features},
volume = {6314},
isbn = {978-3-642-15560-4},
journal = {Eur. Conf. Comput. Vis.},
doi = {10.1007/978-3-642-15561-1_56}
}

@INPROCEEDINGS{ORB,
  author={Rublee, Ethan and Rabaud, Vincent and Konolige, Kurt and Bradski, Gary},
  booktitle={2011 International Conference on Computer Vision}, 
  title={ORB: An efficient alternative to SIFT or SURF}, 
  year={2011},
  volume={},
  number={},
  pages={2564-2571},
  doi={10.1109/ICCV.2011.6126544}}





@INPROCEEDINGS{prosac,
  author={Chum, O. and Matas, J.},
  booktitle={2005 IEEE Computer Society Conference on Computer Vision and Pattern Recognition (CVPR'05)}, 
  title={Matching with PROSAC - progressive sample consensus}, 
  year={2005},
  volume={1},
  number={},
  pages={220-226 vol. 1},
  doi={10.1109/CVPR.2005.221}}

@inbook{cache_memory,
  author    = "Andrist, B. and Sehr, V.",
  title     = "Wyosce wydajny C++. Opanuj sztukę optymalizowania działania kodu.",
  chapter   = "4. Struktury danych",
  publisher = "Helion S.A.",
  year      = "2023",
  pages     = "107-111",
}

@inbook{memory_hierarchy,
  author    = "Slotin, S.",
  title     = "Algorithms for Modern Hardware.",
  chapter   = "4.1 Memory Hierarchy.",
  year      = "2023",
}

% Artykuł w recenzowanym czasopiśmie.
@article{szczypiorski2015,
    author    = "Szczypiorski, K. and Janicki, A. and Wendzel, S",
    title     = "{T}he {G}ood, {T}he {B}ad {A}nd {T}he {U}gly: {E}valuation of {W}i-{F}i {S}teganography",
    journal   = "Journal of Communications",
    volume    = "10",
    number    = "10",
    pages     = "747--752",
    publisher = "Journal of Communications (JCM)",
    year      = "2015",
}

% Książka.
@book{goossens93,
    author    = "Michel Goossens and Frank Mittelbach and Alexander Samarin",
    title     = "The LaTeX Companion",
    publisher = "Addison-Wesley",
    address   = "Reading, Massachusetts",
    year      = "1993",
}

% Fragment książki (np. zakres stron).
@inbook{wang97,
    author      = "Hao Wang",
    title       = "A Logical Journey: From G{\"o}del to Philosophy.",
    publisher   = "A Bradford Book",
    pages       = "316",
    year        = "1997"
}

% Fragment książki (np. esej), posiadający własny tytuł.
@incollection{goedel95,
    author      = "Kurt G{\"o}del",
    title       = "Texts relating to the ontological proof",
    booktitle   = "Unpublished Essays and Lectures",
    publisher   = "Oxford University Press",
    pages       = "429--437",
    year        = "1995",
}

% Publikacja konferencyjna.
@inproceedings{benzmuller2014,
    author       = "{Ch}. Benzmuller and B. W. Paleo",
    title        = "Automating {G\"o}del’s {O}ntological {P}roof of {G}od’s {E}xistence with {H}igher-order {A}utomated {T}heorem {P}rovers",
    booktitle    = "European	Conference on Artificial Intelligence",
    publisher    = "IOS Press",
    howpublished = "Dostęp zdalny (10.04.2019): \url{http://page.mi.fu-berlin.de/cbenzmueller/papers/C40.pdf}",
    year         = "2014",
}

% Raport techniczny.
@techreport{duqu2011,
    author      = "Bencsáth, B. and Pék, G. and Buttyán, L. and Félegyházi M.",
    title       = "{D}uqu: {A} {S}tuxnet-like malware found in the wild",
    institution = "Laboratory of Cryptography and System Security, Hungary",
    year        = "2011"
}

% Specyfikacja techniczna.
@manual{shs2015,
    title        = "{FIPS} 180-4: {S}ecure {H}ash {S}tandard ({SHS})",
    howpublished = "Dostęp zdalny (13.03.2019): \url{https://nvlpubs.nist.gov/nistpubs/FIPS/NIST.FIPS.180-4.pdf}",
    year         = "2015"
}

% Praca magisterska.
@mastersthesis{wozniak2018,
    author = "Woźniak, Piotr",
    title  = "{P}rogramowanie kwadratowe w usuwaniu efektu rozmycia ruchu w fotografii cyfrowej",
    school  = "Wydział Elektroniki i Technik Informacyjnych, Politechnika Warszawska",
    year   = "2018",
}

% Nieopublikowany artykuł, dostępny np. tylko w internecie.
@unpublished{koons2005,
    author = "Koons, Robert C.",
    title  = "{S}obel on {G\"o}del’s {O}ntological {P}roof",
    note   = "Dostęp zdalny (25.04.2019): \url{http://www.robkoons.net/media/69b0dd04a9d2fc6dffff80b4ffffd524.pdf}",
    year   = "2005"
}

% Źródło innego typu, np. repozytorium na GitHubie.
@misc{dcp19,
    author       = "Brodzki, Artur M.",
    title        = "{I}mplementation of own steganography protocol {DCP}-19, loosely based on {HICCUPS}",
    howpublished = "Dostęp zdalny (14.03.2019): \url{https://github.com/ArturB/DCP-19}",
    year         = "2019"
}
